[gd_scene load_steps=7 format=2]

[ext_resource path="res://Scripts/Fase2.gd" type="Script" id=1]
[ext_resource path="res://Scenes/TileMap.tscn" type="PackedScene" id=2]
[ext_resource path="res://Scenes/Player.tscn" type="PackedScene" id=3]
[ext_resource path="res://Scenes/UI.tscn" type="PackedScene" id=4]
[ext_resource path="res://Scenes/Moeda.tscn" type="PackedScene" id=5]
[ext_resource path="res://Scenes/Bandeira.tscn" type="PackedScene" id=6]

[node name="Fase2" type="Node2D"]
position = Vector2( 239.097, 614.044 )
script = ExtResource( 1 )

[node name="TileMap2" parent="." instance=ExtResource( 2 )]
position = Vector2( 20.6743, -161.49 )
cell_size = Vector2( 69, 69 )
cell_quadrant_size = 34
tile_data = PoolIntArray( -655348, 35, 0, -524294, 35, 0, -589812, 35, 0, -458758, 35, 0, -458757, 33, 0, -524277, 33, 0, -524276, 35, 0, -393222, 35, 0, -393221, 32, 0, -458741, 32, 0, -458740, 35, 0, -327686, 35, 0, -327685, 32, 0, -393205, 32, 0, -393204, 35, 0, -262150, 35, 0, -262149, 32, 0, -327669, 32, 0, -327668, 35, 0, -196614, 35, 0, -196613, 32, 0, -262133, 32, 0, -262132, 35, 0, -131078, 35, 0, -131077, 32, 0, -196597, 32, 0, -196596, 35, 0, -65542, 35, 0, -65541, 32, 0, -131061, 32, 0, -131060, 35, 0, -6, 35, 0, -5, 32, 0, -65525, 32, 0, -65524, 35, 0, 65530, 35, 0, 65531, 8, 0, 65532, 9, 0, 65533, 9, 0, 65534, 9, 0, 65535, 9, 0, 0, 9, 0, 1, 9, 0, 2, 9, 0, 3, 9, 0, 4, 9, 0, 5, 9, 0, 6, 9, 0, 7, 9, 0, 8, 9, 0, 9, 9, 0, 10, 9, 0, 11, 11, 0, 12, 35, 0, 131068, 5, 0, 131069, 5, 0, 131070, 5, 0, 131071, 5, 0, 65536, 5, 0, 65537, 5, 0, 65538, 5, 0, 65539, 5, 0, 65540, 5, 0, 65541, 5, 0, 65542, 5, 0, 65543, 5, 0, 65544, 5, 0, 65545, 5, 0, 65546, 5, 0 )

[node name="Player" parent="." instance=ExtResource( 3 )]
position = Vector2( -31.0402, -247.383 )

[node name="Camera2D" type="Camera2D" parent="Player"]
offset = Vector2( -100, 0 )
current = true

[node name="UI" parent="Player" instance=ExtResource( 4 )]
margin_left = -28.0601
margin_top = -84.1803
margin_right = -28.0601
margin_bottom = -84.1803

[node name="Moeda" parent="." instance=ExtResource( 5 )]
position = Vector2( 327.277, -543.896 )

[node name="Moeda37" parent="." instance=ExtResource( 5 )]
position = Vector2( -116.712, -282.056 )

[node name="Moeda38" parent="." instance=ExtResource( 5 )]
position = Vector2( -29.4318, -346.567 )

[node name="Moeda39" parent="." instance=ExtResource( 5 )]
position = Vector2( 467.684, -270.672 )

[node name="Moeda40" parent="." instance=ExtResource( 5 )]
position = Vector2( 737.113, -312.414 )

[node name="Moeda41" parent="." instance=ExtResource( 5 )]
position = Vector2( 740.908, -418.668 )

[node name="Moeda42" parent="." instance=ExtResource( 5 )]
position = Vector2( 661.218, -532.511 )

[node name="Moeda43" parent="." instance=ExtResource( 5 )]
position = Vector2( 475.274, -202.366 )

[node name="Moeda44" parent="." instance=ExtResource( 5 )]
position = Vector2( 554.964, -562.87 )

[node name="Moeda45" parent="." instance=ExtResource( 5 )]
position = Vector2( 437.326, -578.049 )

[node name="Moeda24" parent="." instance=ExtResource( 5 )]
position = Vector2( 186.87, -551.485 )

[node name="Moeda25" parent="." instance=ExtResource( 5 )]
position = Vector2( 308.303, -471.795 )

[node name="Moeda26" parent="." instance=ExtResource( 5 )]
position = Vector2( 277.945, -354.157 )

[node name="Moeda27" parent="." instance=ExtResource( 5 )]
position = Vector2( 251.382, -213.75 )

[node name="Moeda28" parent="." instance=ExtResource( 5 )]
position = Vector2( 145.128, -213.75 )

[node name="Moeda29" parent="." instance=ExtResource( 5 )]
position = Vector2( 198.255, -308.619 )

[node name="Moeda30" parent="." instance=ExtResource( 5 )]
position = Vector2( 80.6166, -285.851 )

[node name="Moeda31" parent="." instance=ExtResource( 5 )]
position = Vector2( 224.818, -471.795 )

[node name="Moeda32" parent="." instance=ExtResource( 5 )]
position = Vector2( -192.607, -483.179 )

[node name="Moeda33" parent="." instance=ExtResource( 5 )]
position = Vector2( 129.949, -585.638 )

[node name="Moeda34" parent="." instance=ExtResource( 5 )]
position = Vector2( 61.6427, -376.925 )

[node name="Moeda35" parent="." instance=ExtResource( 5 )]
position = Vector2( 99.5904, -490.769 )

[node name="Moeda36" parent="." instance=ExtResource( 5 )]
position = Vector2( 4.72107, -475.59 )

[node name="Moeda18" parent="." instance=ExtResource( 5 )]
position = Vector2( -37.0215, -570.459 )

[node name="Moeda19" parent="." instance=ExtResource( 5 )]
position = Vector2( -63.585, -411.078 )

[node name="Moeda20" parent="." instance=ExtResource( 5 )]
position = Vector2( -120.507, -475.59 )

[node name="Moeda21" parent="." instance=ExtResource( 5 )]
position = Vector2( -147.07, -354.157 )

[node name="Moeda22" parent="." instance=ExtResource( 5 )]
position = Vector2( -185.018, -213.75 )

[node name="Moeda23" parent="." instance=ExtResource( 5 )]
position = Vector2( -211.581, -365.541 )

[node name="Moeda2" parent="." instance=ExtResource( 5 )]
position = Vector2( 422.147, -361.746 )

[node name="Moeda3" parent="." instance=ExtResource( 5 )]
position = Vector2( 376.609, -221.339 )

[node name="Moeda4" parent="." instance=ExtResource( 5 )]
position = Vector2( 558.759, -247.903 )

[node name="Moeda5" parent="." instance=ExtResource( 5 )]
position = Vector2( 634.654, -301.03 )

[node name="Moeda6" parent="." instance=ExtResource( 5 )]
position = Vector2( 619.475, -414.873 )

[node name="Moeda7" parent="." instance=ExtResource( 5 )]
position = Vector2( 566.348, -456.616 )

[node name="Moeda8" parent="." instance=ExtResource( 5 )]
position = Vector2( 505.632, -494.563 )

[node name="Moeda9" parent="." instance=ExtResource( 5 )]
position = Vector2( 395.583, -460.41 )

[node name="Moeda10" parent="." instance=ExtResource( 5 )]
position = Vector2( 513.221, -342.772 )

[node name="Moeda11" parent="." instance=ExtResource( 5 )]
position = Vector2( 338.661, -308.619 )

[node name="Moeda12" parent="." instance=ExtResource( 5 )]
position = Vector2( 589.117, -331.388 )

[node name="Moeda13" parent="." instance=ExtResource( 5 )]
position = Vector2( 361.43, -407.284 )

[node name="Moeda14" parent="." instance=ExtResource( 5 )]
position = Vector2( 498.042, -407.284 )

[node name="Moeda15" parent="." instance=ExtResource( 5 )]
position = Vector2( 171.691, -384.515 )

[node name="Moeda16" parent="." instance=ExtResource( 5 )]
position = Vector2( -93.9433, -540.101 )

[node name="Moeda17" parent="." instance=ExtResource( 5 )]
position = Vector2( -207.787, -589.433 )

[node name="Bandeira" parent="." instance=ExtResource( 6 )]
position = Vector2( 721.57, -189.082 )
[connection signal="coin_collected" from="Moeda" to="Player" method="_on_Moeda_coin_collected"]
[connection signal="coin_collected" from="Moeda37" to="Player" method="_on_Moeda_coin_collected"]
[connection signal="coin_collected" from="Moeda38" to="Player" method="_on_Moeda_coin_collected"]
[connection signal="coin_collected" from="Moeda39" to="Player" method="_on_Moeda_coin_collected"]
[connection signal="coin_collected" from="Moeda40" to="Player" method="_on_Moeda_coin_collected"]
[connection signal="coin_collected" from="Moeda41" to="Player" method="_on_Moeda_coin_collected"]
[connection signal="coin_collected" from="Moeda42" to="Player" method="_on_Moeda_coin_collected"]
[connection signal="coin_collected" from="Moeda43" to="Player" method="_on_Moeda_coin_collected"]
[connection signal="coin_collected" from="Moeda44" to="Player" method="_on_Moeda_coin_collected"]
[connection signal="coin_collected" from="Moeda45" to="Player" method="_on_Moeda_coin_collected"]
[connection signal="coin_collected" from="Moeda24" to="Player" method="_on_Moeda_coin_collected"]
[connection signal="coin_collected" from="Moeda25" to="Player" method="_on_Moeda_coin_collected"]
[connection signal="coin_collected" from="Moeda26" to="Player" method="_on_Moeda_coin_collected"]
[connection signal="coin_collected" from="Moeda27" to="Player" method="_on_Moeda_coin_collected"]
[connection signal="coin_collected" from="Moeda28" to="Player" method="_on_Moeda_coin_collected"]
[connection signal="coin_collected" from="Moeda29" to="Player" method="_on_Moeda_coin_collected"]
[connection signal="coin_collected" from="Moeda30" to="Player" method="_on_Moeda_coin_collected"]
[connection signal="coin_collected" from="Moeda31" to="Player" method="_on_Moeda_coin_collected"]
[connection signal="coin_collected" from="Moeda32" to="Player" method="_on_Moeda_coin_collected"]
[connection signal="coin_collected" from="Moeda33" to="Player" method="_on_Moeda_coin_collected"]
[connection signal="coin_collected" from="Moeda34" to="Player" method="_on_Moeda_coin_collected"]
[connection signal="coin_collected" from="Moeda35" to="Player" method="_on_Moeda_coin_collected"]
[connection signal="coin_collected" from="Moeda36" to="Player" method="_on_Moeda_coin_collected"]
[connection signal="coin_collected" from="Moeda18" to="Player" method="_on_Moeda_coin_collected"]
[connection signal="coin_collected" from="Moeda19" to="Player" method="_on_Moeda_coin_collected"]
[connection signal="coin_collected" from="Moeda20" to="Player" method="_on_Moeda_coin_collected"]
[connection signal="coin_collected" from="Moeda21" to="Player" method="_on_Moeda_coin_collected"]
[connection signal="coin_collected" from="Moeda22" to="Player" method="_on_Moeda_coin_collected"]
[connection signal="coin_collected" from="Moeda23" to="Player" method="_on_Moeda_coin_collected"]
[connection signal="coin_collected" from="Moeda2" to="Player" method="_on_Moeda_coin_collected"]
[connection signal="coin_collected" from="Moeda3" to="Player" method="_on_Moeda_coin_collected"]
[connection signal="coin_collected" from="Moeda4" to="Player" method="_on_Moeda_coin_collected"]
[connection signal="coin_collected" from="Moeda5" to="Player" method="_on_Moeda_coin_collected"]
[connection signal="coin_collected" from="Moeda6" to="Player" method="_on_Moeda_coin_collected"]
[connection signal="coin_collected" from="Moeda7" to="Player" method="_on_Moeda_coin_collected"]
[connection signal="coin_collected" from="Moeda8" to="Player" method="_on_Moeda_coin_collected"]
[connection signal="coin_collected" from="Moeda9" to="Player" method="_on_Moeda_coin_collected"]
[connection signal="coin_collected" from="Moeda10" to="Player" method="_on_Moeda_coin_collected"]
[connection signal="coin_collected" from="Moeda11" to="Player" method="_on_Moeda_coin_collected"]
[connection signal="coin_collected" from="Moeda12" to="Player" method="_on_Moeda_coin_collected"]
[connection signal="coin_collected" from="Moeda13" to="Player" method="_on_Moeda_coin_collected"]
[connection signal="coin_collected" from="Moeda14" to="Player" method="_on_Moeda_coin_collected"]
[connection signal="coin_collected" from="Moeda15" to="Player" method="_on_Moeda_coin_collected"]
[connection signal="coin_collected" from="Moeda16" to="Player" method="_on_Moeda_coin_collected"]
[connection signal="coin_collected" from="Moeda17" to="Player" method="_on_Moeda_coin_collected"]
